%  Bibliography file

@article{
	author = {},
	title = {},
	year = ,
}


